@misc{fbreact,
  author = "Facebook Inc.",
  title = {React: A javascript library for building user interfaces},
  year = {2013},
  url = {https://facebook.github.io/react/},
  note = {Accessed: 2017-09-22}
}

@misc{angularjs,
  author = "Google Inc.",
  title = {AngularJS},
  year = {2010},
  url = {https://angularjs.org/},
  note = {Accessed: 2017-09-22}
}

@misc{openmct,
  author = "NASA",
  title = {Open MCT},
  year = {2014},
  url = {https://nasa.github.io/openmct/},
  note = {Accessed: 2017-09-22}
}

@misc{javafx,
  author = "Wikipedia",
  title = "JavaFX --- Wikipedia{,} The Free Encyclopedia",
  year = "2017",
  url = "https://en.wikipedia.org/w/index.php?title=JavaFX&oldid=795690360",
  note = "Accessed: 2017-09-22"
}

@misc{javaswing,
  author = "Wikipedia",
  title = "Swing (Java) --- Wikipedia{,} The Free Encyclopedia",
  year = "2017",
  url = "https://en.wikipedia.org/w/index.php?title=Swing_(Java)&oldid=799737722",
  note = "Accessed: 2017-09-22"
}

@article{gosling1995java,
  title={The Java language environment},
  author={Gosling, James and McGilton, Henry},
  journal={Sun Microsystems Computer Company},
  volume={2550},
  year={1995}
}

@inproceedings{andrews2014introducing,
  title={Introducing the resource prospector (rp) mission},
  author={Andrews, D and Colaprete, Anthony and Quinn, Jacqueline and Chavers, Donald and Picard, Martin},
  booktitle={AIAA Space 2014 Conference \& Exhibition},
  year={2014}
}

@misc{acanto,
  author = "University of Trento",
  title = {Acanto},
  year = {2015},
  url = {http://www.ict-acanto.eu},
  note = {Accessed: 2017-09-22}
}
